<record><leader>00000cas a2200000 a 4500</leader><controlfield tag="001">31714830</controlfield><controlfield tag="007">hd afu---baca</controlfield><controlfield tag="008">941219d18821883nbuwr nea     0    0eng d</controlfield><datafield ind1=" " ind2=" " tag="010"><subfield code="a">sn 94056672 </subfield></datafield><datafield ind1=" " ind2=" " tag="040"><subfield code="a">NVG</subfield><subfield code="b">eng</subfield><subfield code="c">NVG</subfield><subfield code="d">OCL</subfield><subfield code="d">OCLCQ</subfield><subfield code="d">OCLCF</subfield><subfield code="d">OCLCO</subfield></datafield><datafield ind1="1" ind2=" " tag="029"><subfield code="a">AU@</subfield><subfield code="b">000011501234</subfield></datafield><datafield ind1=" " ind2=" " tag="042"><subfield code="a">msc</subfield></datafield><datafield ind1=" " ind2=" " tag="043"><subfield code="a">n-us-nb</subfield></datafield><datafield ind1="0" ind2=" " tag="130"><subfield code="a">Fremont tribune (Fremont, Neb. : 1882)</subfield></datafield><datafield ind1="1" ind2="4" tag="245"><subfield code="a">The Fremont tribune</subfield><subfield code="h">[microform].</subfield></datafield><datafield ind1="1" ind2="3" tag="246"><subfield code="a">Weekly tribune</subfield><subfield code="f">July 14, 1882-Aug. 4, 1882</subfield></datafield><datafield ind1=" " ind2=" " tag="260"><subfield code="a">Fremont, Neb. :</subfield><subfield code="b">Hammond Bros.,</subfield><subfield code="c">1882-1883.</subfield></datafield><datafield ind1=" " ind2=" " tag="300"><subfield code="a">2 v.</subfield></datafield><datafield ind1=" " ind2=" " tag="310"><subfield code="a">Weekly</subfield></datafield><datafield ind1="0" ind2=" " tag="362"><subfield code="a">Vol. 15, no. 1 (July 14, 1882)-v. 16, no. 12 (Sept. 27, 1883).</subfield></datafield><datafield ind1=" " ind2=" " tag="580"><subfield code="a">Daily ed.: Fremont daily tribune, 1883.</subfield></datafield><datafield ind1=" " ind2=" " tag="533"><subfield code="a">Microfilm.</subfield><subfield code="b">[Cleveland, Ohio :</subfield><subfield code="c">Micro Photo],</subfield><subfield code="d">1954.</subfield><subfield code="e">2 microfilm reels ; 35 mm.</subfield></datafield><datafield ind1=" " ind2="0" tag="651"><subfield code="a">Fremont (Neb.)</subfield><subfield code="v">Newspapers.</subfield></datafield><datafield ind1=" " ind2="0" tag="651"><subfield code="a">Dodge County (Neb.)</subfield><subfield code="v">Newspapers.</subfield></datafield><datafield ind1=" " ind2="7" tag="655"><subfield code="a">Newspapers.</subfield><subfield code="2">fast</subfield><subfield code="0">(OCoLC)fst01423814</subfield></datafield><datafield ind1=" " ind2="7" tag="651"><subfield code="a">Nebraska</subfield><subfield code="z">Dodge County.</subfield><subfield code="2">fast</subfield><subfield code="0">(OCoLC)fst01211916</subfield></datafield><datafield ind1=" " ind2="7" tag="651"><subfield code="a">Nebraska</subfield><subfield code="z">Fremont.</subfield><subfield code="2">fast</subfield><subfield code="0">(OCoLC)fst01221285</subfield></datafield><datafield ind1=" " ind2=" " tag="752"><subfield code="a">United States</subfield><subfield code="b">Nebraska</subfield><subfield code="c">Dodge</subfield><subfield code="d">Fremont.</subfield></datafield><datafield ind1="1" ind2=" " tag="775"><subfield code="t">Fremont daily tribune</subfield><subfield code="w">(DLC)sn 94061456</subfield></datafield><datafield ind1="0" ind2="0" tag="780"><subfield code="t">Fremont weekly tribune</subfield><subfield code="w">(DLC)sn 94056671</subfield></datafield><datafield ind1="0" ind2="0" tag="785"><subfield code="t">Fremont weekly tribune (Fremont, Neb. : 1883)</subfield><subfield code="w">(DLC)sn 94056673</subfield></datafield></record>